<record><leader>00000cas a22000007a 4500</leader><controlfield tag="001">24232266</controlfield><controlfield tag="008">910814d19801986nyuwr ne      0    0eng d</controlfield><datafield ind1=" " ind2=" " tag="010"><subfield code="a">sn 91066647 </subfield></datafield><datafield ind1=" " ind2=" " tag="040"><subfield code="a">NYS</subfield><subfield code="b">eng</subfield><subfield code="c">NYS</subfield><subfield code="d">OCLCQ</subfield></datafield><datafield ind1=" " ind2=" " tag="042"><subfield code="a">msc</subfield></datafield><datafield ind1="0" ind2="0" tag="245"><subfield code="a">Advertiser photo news.</subfield></datafield><datafield ind1=" " ind2=" " tag="260"><subfield code="a">Warwick, N.Y. :</subfield><subfield code="b">Tunnell Pub. Co.,</subfield><subfield code="c">1980-1986.</subfield></datafield><datafield ind1=" " ind2=" " tag="300"><subfield code="a">8 v. :</subfield><subfield code="b">ill.</subfield></datafield><datafield ind1=" " ind2=" " tag="310"><subfield code="a">Weekly</subfield></datafield><datafield ind1="0" ind2=" " tag="362"><subfield code="a">Vol. 114, no. 48 (Nov. 26, 1980)-v. 121, no. 7 (Feb. 12, 1986).</subfield></datafield><datafield ind1=" " ind2=" " tag="500"><subfield code="a">Published on Wednesday.</subfield></datafield><datafield ind1=" " ind2="4" tag="651"><subfield code="a">Warwick (N.Y.)</subfield><subfield code="v">Newspapers.</subfield></datafield><datafield ind1=" " ind2=" " tag="752"><subfield code="a">United States</subfield><subfield code="b">New York</subfield><subfield code="c">Orange</subfield><subfield code="d">Warwick.</subfield></datafield><datafield ind1="0" ind2=" " tag="775"><subfield code="t">Photo news (Monroe, N.Y. : 1982)</subfield><subfield code="w">(DLC)sn 91066584</subfield><subfield code="w">(OCoLC)23996945</subfield></datafield><datafield ind1="0" ind2="0" tag="780"><subfield code="t">Warwick advertiser photo news</subfield><subfield code="w">(DLC)sn 88075809</subfield><subfield code="w">(OCoLC)18549989</subfield></datafield><datafield ind1="0" ind2="0" tag="785"><subfield code="t">Warwick advertiser (Warwick, N.Y. : 1986)</subfield><subfield code="w">(DLC)sn 91066646</subfield><subfield code="w">(OCoLC)24148524</subfield></datafield><datafield ind1="1" ind2=" " tag="029"><subfield code="a">AU@</subfield><subfield code="b">000025849681</subfield></datafield></record>